%YAML 1.1
%TAG !u! tag:unity3d.com,2011:
--- !u!1 &2500936609093456633
GameObject:
  m_ObjectHideFlags: 0
  m_CorrespondingSourceObject: {fileID: 0}
  m_PrefabInstance: {fileID: 0}
  m_PrefabAsset: {fileID: 0}
  serializedVersion: 6
  m_Component:
  - component: {fileID: 3026080527451506755}
  - component: {fileID: 2184553277502670822}
  - component: {fileID: 4158477119466681132}
  - component: {fileID: 1685391848297138148}
  - component: {fileID: 8304152577619039540}
  - component: {fileID: 3458275653373610334}
  - component: {fileID: 5710043311173403589}
  - component: {fileID: 660965113132029567}
  - component: {fileID: -5572693137114636371}
  m_Layer: 0
  m_Name: BurgerTop
  m_TagString: Untagged
  m_Icon: {fileID: 0}
  m_NavMeshLayer: 0
  m_StaticEditorFlags: 0
  m_IsActive: 1
--- !u!4 &3026080527451506755
Transform:
  m_ObjectHideFlags: 0
  m_CorrespondingSourceObject: {fileID: 0}
  m_PrefabInstance: {fileID: 0}
  m_PrefabAsset: {fileID: 0}
  m_GameObject: {fileID: 2500936609093456633}
  m_LocalRotation: {x: -0.7071068, y: -0, z: -0, w: 0.7071067}
  m_LocalPosition: {x: 0, y: 0, z: 0}
  m_LocalScale: {x: 10, y: 10, z: 5}
  m_Children: []
  m_Father: {fileID: 0}
  m_RootOrder: 0
  m_LocalEulerAnglesHint: {x: 0, y: 0, z: 0}
--- !u!33 &2184553277502670822
MeshFilter:
  m_ObjectHideFlags: 0
  m_CorrespondingSourceObject: {fileID: 0}
  m_PrefabInstance: {fileID: 0}
  m_PrefabAsset: {fileID: 0}
  m_GameObject: {fileID: 2500936609093456633}
  m_Mesh: {fileID: -1520038773616071226, guid: 745c8320cdf57c14996ce9e9f90a00da, type: 3}
--- !u!23 &4158477119466681132
MeshRenderer:
  m_ObjectHideFlags: 0
  m_CorrespondingSourceObject: {fileID: 0}
  m_PrefabInstance: {fileID: 0}
  m_PrefabAsset: {fileID: 0}
  m_GameObject: {fileID: 2500936609093456633}
  m_Enabled: 1
  m_CastShadows: 1
  m_ReceiveShadows: 1
  m_DynamicOccludee: 1
  m_MotionVectors: 1
  m_LightProbeUsage: 1
  m_ReflectionProbeUsage: 1
  m_RayTracingMode: 2
  m_RayTraceProcedural: 0
  m_RenderingLayerMask: 1
  m_RendererPriority: 0
  m_Materials:
  - {fileID: 2100000, guid: ae154d28651b25a44afb24c9924783a7, type: 2}
  m_StaticBatchInfo:
    firstSubMesh: 0
    subMeshCount: 0
  m_StaticBatchRoot: {fileID: 0}
  m_ProbeAnchor: {fileID: 0}
  m_LightProbeVolumeOverride: {fileID: 0}
  m_ScaleInLightmap: 1
  m_ReceiveGI: 1
  m_PreserveUVs: 0
  m_IgnoreNormalsForChartDetection: 0
  m_ImportantGI: 0
  m_StitchLightmapSeams: 1
  m_SelectedEditorRenderState: 3
  m_MinimumChartSize: 4
  m_AutoUVMaxDistance: 0.5
  m_AutoUVMaxAngle: 89
  m_LightmapParameters: {fileID: 0}
  m_SortingLayerID: 0
  m_SortingLayer: 0
  m_SortingOrder: 0
  m_AdditionalVertexStreams: {fileID: 0}
--- !u!114 &1685391848297138148
MonoBehaviour:
  m_ObjectHideFlags: 0
  m_CorrespondingSourceObject: {fileID: 0}
  m_PrefabInstance: {fileID: 0}
  m_PrefabAsset: {fileID: 0}
  m_GameObject: {fileID: 2500936609093456633}
  m_Enabled: 1
  m_EditorHideFlags: 0
  m_Script: {fileID: 11500000, guid: 5afd5316c63705643b3daba5a6e923bd, type: 3}
  m_Name: 
  m_EditorClassIdentifier: 
  ShowTetherWhenManipulating: 0
  IsBoundsHandles: 0
--- !u!114 &8304152577619039540
MonoBehaviour:
  m_ObjectHideFlags: 0
  m_CorrespondingSourceObject: {fileID: 0}
  m_PrefabInstance: {fileID: 0}
  m_PrefabAsset: {fileID: 0}
  m_GameObject: {fileID: 2500936609093456633}
  m_Enabled: 1
  m_EditorHideFlags: 0
  m_Script: {fileID: 11500000, guid: a98de877dee5fc341b4eb59dfdab266c, type: 3}
  m_Name: 
  m_EditorClassIdentifier: 
  autoConstraintSelection: 1
  selectedConstraints: []
--- !u!114 &3458275653373610334
MonoBehaviour:
  m_ObjectHideFlags: 0
  m_CorrespondingSourceObject: {fileID: 0}
  m_PrefabInstance: {fileID: 0}
  m_PrefabAsset: {fileID: 0}
  m_GameObject: {fileID: 2500936609093456633}
  m_Enabled: 1
  m_EditorHideFlags: 0
  m_Script: {fileID: 11500000, guid: 181cd563a8349c34ea8978b0bc8d9c7e, type: 3}
  m_Name: 
  m_EditorClassIdentifier: 
  hostTransform: {fileID: 3026080527451506755}
  manipulationType: 3
  twoHandedManipulationType: 7
  allowFarManipulation: 1
  useForcesForNearManipulation: 0
  oneHandRotationModeNear: 1
  oneHandRotationModeFar: 1
  releaseBehavior: 3
  transformSmoothingLogicType:
    reference: Microsoft.MixedReality.Toolkit.Utilities.DefaultTransformSmoothingLogic,
      Microsoft.MixedReality.Toolkit.SDK
  smoothingFar: 1
  smoothingNear: 0
  moveLerpTime: 0.001
  rotateLerpTime: 0.001
  scaleLerpTime: 0.001
  enableConstraints: 1
  constraintsManager: {fileID: 8304152577619039540}
  elasticsManager: {fileID: 0}
  onManipulationStarted:
    m_PersistentCalls:
      m_Calls: []
  onManipulationEnded:
    m_PersistentCalls:
      m_Calls: []
  onHoverEntered:
    m_PersistentCalls:
      m_Calls: []
  onHoverExited:
    m_PersistentCalls:
      m_Calls: []
--- !u!54 &5710043311173403589
Rigidbody:
  m_ObjectHideFlags: 0
  m_CorrespondingSourceObject: {fileID: 0}
  m_PrefabInstance: {fileID: 0}
  m_PrefabAsset: {fileID: 0}
  m_GameObject: {fileID: 2500936609093456633}
  serializedVersion: 2
  m_Mass: 1
  m_Drag: 0
  m_AngularDrag: 0.05
  m_UseGravity: 1
  m_IsKinematic: 0
  m_Interpolate: 0
  m_Constraints: 0
  m_CollisionDetection: 0
--- !u!64 &660965113132029567
MeshCollider:
  m_ObjectHideFlags: 0
  m_CorrespondingSourceObject: {fileID: 0}
  m_PrefabInstance: {fileID: 0}
  m_PrefabAsset: {fileID: 0}
  m_GameObject: {fileID: 2500936609093456633}
  m_Material: {fileID: 0}
  m_IsTrigger: 0
  m_Enabled: 1
  serializedVersion: 4
  m_Convex: 1
  m_CookingOptions: 30
  m_Mesh: {fileID: -1520038773616071226, guid: 745c8320cdf57c14996ce9e9f90a00da, type: 3}
--- !u!114 &-5572693137114636371
MonoBehaviour:
  m_ObjectHideFlags: 0
  m_CorrespondingSourceObject: {fileID: 0}
  m_PrefabInstance: {fileID: 0}
  m_PrefabAsset: {fileID: 0}
  m_GameObject: {fileID: 2500936609093456633}
  m_Enabled: 1
  m_EditorHideFlags: 0
  m_Script: {fileID: 11500000, guid: eee5fa6e6251fe6498abfc1ed4fd5a0d, type: 3}
  m_Name: 
  m_EditorClassIdentifier: 
  prefab: {fileID: 2500936609093456633}
